[{"a":61290372,"p":"0.07659700","q":"0.02600000","f":68947266,"l":68947266,"T":1529160665007,"m":true,"M":true},{"a":61290372,"p":"0.07659700","q":"0.02600000","f":68947267,"l":68947267,"T":1529160665772,"m":true,"M":true},{"a":61290373,"p":"0.07663000","q":"0.15200000","f":68947268,"l":68947268,"T":1529160667091,"m":false,"M":true},{"a":61290374,"p":"0.07659800","q":"0.02300000","f":68947269,"l":68947269,"T":1529160667465,"m":true,"M":true},{"a":61290375,"p":"0.07663900","q":"0.00300000","f":68947270,"l":68947270,"T":1529160670058,"m":false,"M":true},{"a":61290376,"p":"0.07664000","q":"0.09800000","f":68947271,"l":68947271,"T":1529160670058,"m":false,"M":true},{"a":61290377,"p":"0.07664000","q":"0.10100000","f":68947272,"l":68947272,"T":1529160670439,"m":false,"M":true},{"a":61290378,"p":"0.07659900","q":"0.23200000","f":68947273,"l":68947273,"T":1529160670803,"m":true,"M":true},{"a":61290379,"p":"0.07664000","q":"0.04900000","f":68947274,"l":68947274,"T":1529160674093,"m":false,"M":true},{"a":61290380,"p":"0.07660800","q":"0.19900000","f":68947275,"l":68947275,"T":1529160675167,"m":false,"M":true},{"a":61290381,"p":"0.07660800","q":"0.00100000","f":68947276,"l":68947276,"T":1529160675187,"m":false,"M":true},{"a":61290382,"p":"0.07664000","q":"0.19800000","f":68947277,"l":68947277,"T":1529160675187,"m":false,"M":true},{"a":61290383,"p":"0.07660100","q":"0.44500000","f":68947278,"l":68947278,"T":1529160676692,"m":true,"M":true},{"a":61290384,"p":"0.07660000","q":"0.37500000","f":68947279,"l":68947279,"T":1529160676767,"m":false,"M":true},{"a":61290385,"p":"0.07664000","q":"0.29800000","f":68947280,"l":68947280,"T":1529160680160,"m":false,"M":true},{"a":61290386,"p":"0.07664000","q":"0.07800000","f":68947281,"l":68947281,"T":1529160682126,"m":false,"M":true},{"a":61290387,"p":"0.07664000","q":"0.01500000","f":68947282,"l":68947282,"T":1529160683591,"m":false,"M":true},{"a":61290388,"p":"0.07662500","q":"1.21400000","f":68947283,"l":68947283,"T":1529160684054,"m":false,"M":true},{"a":61290389,"p":"0.07661100","q":"0.84200000","f":68947284,"l":68947284,"T":1529160684071,"m":true,"M":true},{"a":61290390,"p":"0.07661000","q":"0.09500000","f":68947285,"l":68947285,"T":1529160684324,"m":true,"M":true},{"a":61290391,"p":"0.07664000","q":"0.09500000","f":68947286,"l":68947286,"T":1529160684751,"m":false,"M":true},{"a":61290392,"p":"0.07664000","q":"0.58700000","f":68947287,"l":68947287,"T":1529160686124,"m":false,"M":true},{"a":61290393,"p":"0.07661000","q":"0.25000000","f":68947288,"l":68947288,"T":1529160686722,"m":true,"M":true},{"a":61290394,"p":"0.07662500","q":"0.50400000","f":68947289,"l":68947289,"T":1529160688946,"m":false,"M":true},{"a":61290395,"p":"0.07661100","q":"0.23700000","f":68947290,"l":68947290,"T":1529160688951,"m":true,"M":true},{"a":61290396,"p":"0.07661100","q":"1.05300000","f":68947291,"l":68947291,"T":1529160690215,"m":true,"M":true},{"a":61290397,"p":"0.07664000","q":"0.10200000","f":68947292,"l":68947292,"T":1529160690430,"m":false,"M":true},{"a":61290398,"p":"0.07664900","q":"0.10200000","f":68947293,"l":68947293,"T":1529160696154,"m":false,"M":true},{"a":61290399,"p":"0.07661400","q":"0.03000000","f":68947294,"l":68947294,"T":1529160697832,"m":true,"M":true},{"a":61290400,"p":"0.07661500","q":"0.01800000","f":68947295,"l":68947295,"T":1529160698304,"m":true,"M":true},{"a":61290401,"p":"0.07661500","q":"0.03700000","f":68947296,"l":68947296,"T":1529160698517,"m":true,"M":true},{"a":61290402,"p":"0.07662800","q":"0.04300000","f":68947297,"l":68947297,"T":1529160700093,"m":true,"M":true},{"a":61290403,"p":"0.07664900","q":"0.11300000","f":68947298,"l":68947298,"T":1529160701261,"m":false,"M":true},{"a":61290404,"p":"0.07664000","q":"0.22300000","f":68947299,"l":68947299,"T":1529160704074,"m":false,"M":true},{"a":61290405,"p":"0.07664900","q":"0.00100000","f":68947300,"l":68947300,"T":1529160704077,"m":false,"M":true},{"a":61290406,"p":"0.07665200","q":"0.14600000","f":68947301,"l":68947301,"T":1529160704077,"m":false,"M":true},{"a":61290407,"p":"0.07665700","q":"0.07500000","f":68947302,"l":68947302,"T":1529160704077,"m":false,"M":true},{"a":61290408,"p":"0.07665700","q":"0.02600000","f":68947303,"l":68947303,"T":1529160704109,"m":false,"M":true},{"a":61290409,"p":"0.07666900","q":"0.03800000","f":68947304,"l":68947304,"T":1529160704109,"m":false,"M":true},{"a":61290410,"p":"0.07666900","q":"0.03100000","f":68947305,"l":68947305,"T":1529160709078,"m":false,"M":true},{"a":61290411,"p":"0.07666900","q":"0.05300000","f":68947306,"l":68947306,"T":1529160709714,"m":false,"M":true},{"a":61290412,"p":"0.07667600","q":"0.09500000","f":68947307,"l":68947307,"T":1529160714368,"m":false,"M":true},{"a":61290413,"p":"0.07664100","q":"0.26300000","f":68947308,"l":68947308,"T":1529160715661,"m":true,"M":true},{"a":61290414,"p":"0.07664100","q":"0.07600000","f":68947309,"l":68947309,"T":1529160716134,"m":true,"M":true},{"a":61290415,"p":"0.07664100","q":"0.06200000","f":68947310,"l":68947310,"T":1529160716969,"m":true,"M":true},{"a":61290416,"p":"0.07666900","q":"0.06100000","f":68947311,"l":68947311,"T":1529160718269,"m":false,"M":true},{"a":61290417,"p":"0.07664100","q":"0.02000000","f":68947312,"l":68947312,"T":1529160719566,"m":true,"M":true},{"a":61290418,"p":"0.07666900","q":"0.00100000","f":68947313,"l":68947313,"T":1529160719609,"m":false,"M":true},{"a":61290419,"p":"0.07667000","q":"0.00100000","f":68947314,"l":68947314,"T":1529160720613,"m":true,"M":true},{"a":61290420,"p":"0.07667000","q":"0.02200000","f":68947315,"l":68947315,"T":1529160720672,"m":true,"M":true},{"a":61290421,"p":"0.07667000","q":"0.02300000","f":68947316,"l":68947316,"T":1529160721474,"m":true,"M":true},{"a":61290422,"p":"0.07667000","q":"0.15800000","f":68947317,"l":68947317,"T":1529160723064,"m":true,"M":true},{"a":61290423,"p":"0.07667600","q":"0.00100000","f":68947318,"l":68947318,"T":1529160724101,"m":false,"M":true},{"a":61290424,"p":"0.07668300","q":"0.24200000","f":68947319,"l":68947320,"T":1529160724398,"m":false,"M":true},{"a":61290425,"p":"0.07667000","q":"0.40000000","f":68947321,"l":68947321,"T":1529160724681,"m":true,"M":true},{"a":61290426,"p":"0.07667100","q":"2.64400000","f":68947322,"l":68947322,"T":1529160726091,"m":true,"M":true},{"a":61290427,"p":"0.07667000","q":"2.35600000","f":68947323,"l":68947323,"T":1529160726091,"m":true,"M":true},{"a":61290428,"p":"0.07667800","q":"19.99300000","f":68947324,"l":68947324,"T":1529160726741,"m":false,"M":true},{"a":61290429,"p":"0.07667000","q":"6.26200000","f":68947325,"l":68947325,"T":1529160726764,"m":true,"M":true},{"a":61290430,"p":"0.07667100","q":"0.02500000","f":68947326,"l":68947326,"T":1529160727267,"m":true,"M":true},{"a":61290431,"p":"0.07666900","q":"0.02400000","f":68947327,"l":68947327,"T":1529160728731,"m":true,"M":true},{"a":61290432,"p":"0.07666500","q":"0.37600000","f":68947328,"l":68947328,"T":1529160728731,"m":true,"M":true},{"a":61290433,"p":"0.07666600","q":"0.00100000","f":68947329,"l":68947329,"T":1529160730222,"m":true,"M":true},{"a":61290434,"p":"0.07666700","q":"0.07800000","f":68947330,"l":68947330,"T":1529160730493,"m":true,"M":true},{"a":61290435,"p":"0.07666700","q":"0.00100000","f":68947331,"l":68947331,"T":1529160730690,"m":true,"M":true},{"a":61290436,"p":"0.07668700","q":"0.00600000","f":68947332,"l":68947332,"T":1529160730841,"m":false,"M":true},{"a":61290437,"p":"0.07666700","q":"0.04000000","f":68947333,"l":68947333,"T":1529160730976,"m":true,"M":true},{"a":61290438,"p":"0.07666700","q":"0.00100000","f":68947334,"l":68947334,"T":1529160731003,"m":true,"M":true},{"a":61290439,"p":"0.07666700","q":"0.00100000","f":68947335,"l":68947335,"T":1529160731060,"m":true,"M":true},{"a":61290440,"p":"0.07668700","q":"0.32800000","f":68947336,"l":68947336,"T":1529160731076,"m":false,"M":true},{"a":61290441,"p":"0.07668800","q":"0.16700000","f":68947337,"l":68947337,"T":1529160731136,"m":false,"M":true},{"a":61290442,"p":"0.07669000","q":"0.10100000","f":68947338,"l":68947338,"T":1529160732133,"m":false,"M":true},{"a":61290443,"p":"0.07669100","q":"0.09400000","f":68947339,"l":68947341,"T":1529160732212,"m":false,"M":true},{"a":61290444,"p":"0.07669100","q":"0.02100000","f":68947342,"l":68947342,"T":1529160733070,"m":false,"M":true},{"a":61290445,"p":"0.07664200","q":"0.40000000","f":68947343,"l":68947343,"T":1529160733324,"m":true,"M":true},{"a":61290446,"p":"0.07664300","q":"0.07000000","f":68947344,"l":68947344,"T":1529160733740,"m":true,"M":true},{"a":61290447,"p":"0.07669100","q":"1.15300000","f":68947345,"l":68947345,"T":1529160734073,"m":false,"M":true},{"a":61290448,"p":"0.07669100","q":"15.00000000","f":68947346,"l":68947346,"T":1529160735309,"m":false,"M":true},{"a":61290449,"p":"0.07664300","q":"0.40000000","f":68947347,"l":68947347,"T":1529160736910,"m":true,"M":true},{"a":61290450,"p":"0.07669100","q":"1.30400000","f":68947348,"l":68947348,"T":1529160737071,"m":false,"M":true},{"a":61290451,"p":"0.07669100","q":"6.25100000","f":68947349,"l":68947349,"T":1529160737134,"m":false,"M":true},{"a":61290452,"p":"0.07669100","q":"0.00100000","f":68947350,"l":68947350,"T":1529160737302,"m":false,"M":true},{"a":61290453,"p":"0.07669300","q":"0.10100000","f":68947351,"l":68947351,"T":1529160737302,"m":false,"M":true},{"a":61290454,"p":"0.07669500","q":"0.10100000","f":68947352,"l":68947352,"T":1529160737302,"m":false,"M":true},{"a":61290455,"p":"0.07669700","q":"0.07300000","f":68947353,"l":68947353,"T":1529160737302,"m":false,"M":true},{"a":61290456,"p":"0.07669700","q":"0.12900000","f":68947354,"l":68947355,"T":1529160738168,"m":false,"M":true},{"a":61290457,"p":"0.07669800","q":"0.10100000","f":68947356,"l":68947356,"T":1529160738238,"m":false,"M":true},{"a":61290458,"p":"0.07664600","q":"0.13300000","f":68947357,"l":68947357,"T":1529160738484,"m":true,"M":true},{"a":61290459,"p":"0.07667900","q":"0.06700000","f":68947358,"l":68947358,"T":1529160739063,"m":false,"M":true},{"a":61290460,"p":"0.07670100","q":"0.10000000","f":68947359,"l":68947359,"T":1529160739443,"m":false,"M":true},{"a":61290461,"p":"0.07670700","q":"0.00300000","f":68947360,"l":68947360,"T":1529160739443,"m":false,"M":true},{"a":61290462,"p":"0.07670700","q":"0.09700000","f":68947361,"l":68947361,"T":1529160741798,"m":false,"M":true},{"a":61290463,"p":"0.07670000","q":"0.13300000","f":68947362,"l":68947362,"T":1529160743153,"m":false,"M":true},{"a":61290464,"p":"0.07670000","q":"0.01500000","f":68947363,"l":68947363,"T":1529160743160,"m":false,"M":true},{"a":61290465,"p":"0.07670000","q":"0.08600000","f":68947364,"l":68947364,"T":1529160743216,"m":false,"M":true},{"a":61290466,"p":"0.07670000","q":"0.01500000","f":68947365,"l":68947365,"T":1529160743247,"m":false,"M":true},{"a":61290467,"p":"0.07669900","q":"0.01500000","f":68947366,"l":68947366,"T":1529160744144,"m":false,"M":true},{"a":61290468,"p":"0.07669900","q":"0.06900000","f":68947367,"l":68947367,"T":1529160744150,"m":false,"M":true},{"a":61290469,"p":"0.07667600","q":"0.57500000","f":68947368,"l":68947368,"T":1529160744731,"m":true,"M":true},{"a":61290470,"p":"0.07669900","q":"0.01900000","f":68947369,"l":68947369,"T":1529160745279,"m":false,"M":true},{"a":61290471,"p":"0.07667500","q":"0.03900000","f":68947370,"l":68947370,"T":1529160745378,"m":true,"M":true},{"a":61290472,"p":"0.07667500","q":"0.06100000","f":68947371,"l":68947371,"T":1529160747368,"m":true,"M":true},{"a":61290473,"p":"0.07667500","q":"0.09600000","f":68947372,"l":68947372,"T":1529160748806,"m":true,"M":true},{"a":61290474,"p":"0.07669000","q":"0.20700000","f":68947373,"l":68947373,"T":1529160751453,"m":false,"M":true},{"a":61290475,"p":"0.07669000","q":"0.02600000","f":68947374,"l":68947374,"T":1529160754269,"m":false,"M":true},{"a":61290476,"p":"0.07668200","q":"3.66700000","f":68947375,"l":68947375,"T":1529160757797,"m":false,"M":true},{"a":61290477,"p":"0.07668900","q":"0.08900000","f":68947376,"l":68947376,"T":1529160757812,"m":false,"M":true},{"a":61290478,"p":"0.07668900","q":"1.28200000","f":68947377,"l":68947378,"T":1529160757840,"m":false,"M":true},{"a":61290479,"p":"0.07667500","q":"0.00100000","f":68947379,"l":68947379,"T":1529160758371,"m":true,"M":true},{"a":61290480,"p":"0.07666500","q":"0.02000000","f":68947380,"l":68947380,"T":1529160758371,"m":true,"M":true},{"a":61290481,"p":"0.07666500","q":"0.39300000","f":68947381,"l":68947381,"T":1529160758749,"m":true,"M":true},{"a":61290482,"p":"0.07666500","q":"0.34800000","f":68947382,"l":68947382,"T":1529160758982,"m":true,"M":true},{"a":61290483,"p":"0.07669000","q":"0.02900000","f":68947383,"l":68947383,"T":1529160759318,"m":false,"M":true},{"a":61290484,"p":"0.07665300","q":"0.25600000","f":68947384,"l":68947384,"T":1529160760106,"m":true,"M":true},{"a":61290485,"p":"0.07665300","q":"0.06600000","f":68947385,"l":68947385,"T":1529160760282,"m":true,"M":true},{"a":61290486,"p":"0.07665300","q":"0.01100000","f":68947386,"l":68947386,"T":1529160760893,"m":true,"M":true},{"a":61290487,"p":"0.07664900","q":"0.04500000","f":68947387,"l":68947387,"T":1529160760893,"m":true,"M":true},{"a":61290488,"p":"0.07664900","q":"0.02000000","f":68947388,"l":68947388,"T":1529160760977,"m":true,"M":true},{"a":61290489,"p":"0.07664700","q":"0.03500000","f":68947389,"l":68947389,"T":1529160760977,"m":true,"M":true},{"a":61290490,"p":"0.07669000","q":"7.75300000","f":68947390,"l":68947390,"T":1529160761506,"m":false,"M":true},{"a":61290491,"p":"0.07669000","q":"0.01400000","f":68947391,"l":68947391,"T":1529160763334,"m":false,"M":true},{"a":61290492,"p":"0.07669000","q":"0.01000000","f":68947392,"l":68947392,"T":1529160765338,"m":false,"M":true},{"a":61290493,"p":"0.07664100","q":"0.01600000","f":68947393,"l":68947393,"T":1529160766266,"m":true,"M":true},{"a":61290494,"p":"0.07668500","q":"0.05200000","f":68947394,"l":68947394,"T":1529160772324,"m":false,"M":true},{"a":61290495,"p":"0.07664600","q":"0.07600000","f":68947395,"l":68947395,"T":1529160773235,"m":true,"M":true},{"a":61290496,"p":"0.07664600","q":"0.06100000","f":68947396,"l":68947396,"T":1529160774589,"m":true,"M":true},{"a":61290497,"p":"0.07668500","q":"0.00100000","f":68947397,"l":68947397,"T":1529160776532,"m":false,"M":true},{"a":61290498,"p":"0.07666600","q":"2.34500000","f":68947398,"l":68947398,"T":1529160776940,"m":false,"M":true},{"a":61290499,"p":"0.07664700","q":"0.63000000","f":68947399,"l":68947399,"T":1529160776957,"m":true,"M":true},{"a":61290500,"p":"0.07664700","q":"0.80400000","f":68947400,"l":68947400,"T":1529160776974,"m":true,"M":true},{"a":61290501,"p":"0.07668500","q":"0.10400000","f":68947401,"l":68947401,"T":1529160786311,"m":false,"M":true},{"a":61290502,"p":"0.07664600","q":"0.01600000","f":68947402,"l":68947402,"T":1529160789051,"m":true,"M":true},{"a":61290503,"p":"0.07668500","q":"0.38400000","f":68947403,"l":68947403,"T":1529160789387,"m":false,"M":true},{"a":61290504,"p":"0.07664600","q":"0.01400000","f":68947404,"l":68947404,"T":1529160793631,"m":true,"M":true},{"a":61290505,"p":"0.07664400","q":"0.06500000","f":68947405,"l":68947405,"T":1529160793631,"m":true,"M":true},{"a":61290506,"p":"0.07664000","q":"0.09100000","f":68947406,"l":68947406,"T":1529160793631,"m":true,"M":true},{"a":61290507,"p":"0.07662700","q":"0.01400000","f":68947407,"l":68947407,"T":1529160793631,"m":true,"M":true},{"a":61290508,"p":"0.07662700","q":"0.03400000","f":68947408,"l":68947408,"T":1529160793734,"m":true,"M":true},{"a":61290509,"p":"0.07662700","q":"0.20400000","f":68947409,"l":68947409,"T":1529160793963,"m":true,"M":true},{"a":61290510,"p":"0.07662700","q":"0.14000000","f":68947410,"l":68947410,"T":1529160794439,"m":true,"M":true},{"a":61290511,"p":"0.07668400","q":"0.00100000","f":68947411,"l":68947411,"T":1529160794511,"m":false,"M":true},{"a":61290512,"p":"0.07664700","q":"0.87400000","f":68947412,"l":68947412,"T":1529160796744,"m":false,"M":true},{"a":61290513,"p":"0.07661200","q":"0.71600000","f":68947413,"l":68947413,"T":1529160796760,"m":true,"M":true},{"a":61290514,"p":"0.07661200","q":"0.41100000","f":68947414,"l":68947415,"T":1529160796773,"m":true,"M":true},{"a":61290515,"p":"0.07667400","q":"0.12800000","f":68947416,"l":68947416,"T":1529160802262,"m":false,"M":true},{"a":61290516,"p":"0.07660600","q":"0.03200000","f":68947417,"l":68947417,"T":1529160804343,"m":true,"M":true},{"a":61290517,"p":"0.07667000","q":"0.03200000","f":68947418,"l":68947418,"T":1529160807313,"m":false,"M":true},{"a":61290518,"p":"0.07660600","q":"0.97400000","f":68947419,"l":68947420,"T":1529160807394,"m":true,"M":true},{"a":61290519,"p":"0.07660700","q":"0.06500000","f":68947421,"l":68947421,"T":1529160808512,"m":true,"M":true},{"a":61290520,"p":"0.07660600","q":"0.03500000","f":68947422,"l":68947422,"T":1529160808512,"m":true,"M":true},{"a":61290521,"p":"0.07666800","q":"0.03300000","f":68947423,"l":68947423,"T":1529160808531,"m":false,"M":true},{"a":61290522,"p":"0.07666700","q":"0.83200000","f":68947424,"l":68947424,"T":1529160809242,"m":false,"M":true},{"a":61290523,"p":"0.07660700","q":"0.06500000","f":68947425,"l":68947425,"T":1529160809336,"m":true,"M":true},{"a":61290524,"p":"0.07660600","q":"0.07000000","f":68947426,"l":68947426,"T":1529160809336,"m":true,"M":true},{"a":61290525,"p":"0.07660000","q":"0.13300000","f":68947427,"l":68947427,"T":1529160809336,"m":true,"M":true},{"a":61290526,"p":"0.07666600","q":"0.01000000","f":68947428,"l":68947428,"T":1529160809623,"m":false,"M":true},{"a":61290527,"p":"0.07660200","q":"0.69700000","f":68947429,"l":68947429,"T":1529160810705,"m":true,"M":true},{"a":61290528,"p":"0.07660200","q":"0.24000000","f":68947430,"l":68947430,"T":1529160812408,"m":true,"M":true},{"a":61290529,"p":"0.07665800","q":"0.12000000","f":68947431,"l":68947431,"T":1529160815270,"m":false,"M":true},{"a":61290530,"p":"0.07665800","q":"0.00100000","f":68947432,"l":68947432,"T":1529160822773,"m":false,"M":true},{"a":61290531,"p":"0.07666300","q":"0.02400000","f":68947433,"l":68947433,"T":1529160822773,"m":false,"M":true},{"a":61290532,"p":"0.07666300","q":"0.04900000","f":68947434,"l":68947434,"T":1529160823096,"m":false,"M":true},{"a":61290533,"p":"0.07666300","q":"0.01000000","f":68947435,"l":68947435,"T":1529160823292,"m":false,"M":true},{"a":61290534,"p":"0.07666300","q":"0.11800000","f":68947436,"l":68947436,"T":1529160823468,"m":false,"M":true},{"a":61290535,"p":"0.07665800","q":"0.02400000","f":68947437,"l":68947437,"T":1529160824096,"m":true,"M":true},{"a":61290536,"p":"0.07665800","q":"0.00100000","f":68947438,"l":68947438,"T":1529160825191,"m":true,"M":true},{"a":61290537,"p":"0.07665800","q":"0.20000000","f":68947439,"l":68947439,"T":1529160829056,"m":false,"M":true},{"a":61290538,"p":"0.07665800","q":"0.11000000","f":68947440,"l":68947440,"T":1529160829265,"m":false,"M":true},{"a":61290539,"p":"0.07665800","q":"0.03900000","f":68947441,"l":68947441,"T":1529160829503,"m":false,"M":true},{"a":61290540,"p":"0.07665800","q":"0.17200000","f":68947442,"l":68947442,"T":1529160830309,"m":false,"M":true},{"a":61290541,"p":"0.07660400","q":"0.06700000","f":68947443,"l":68947443,"T":1529160832493,"m":true,"M":true},{"a":61290542,"p":"0.07665800","q":"0.00100000","f":68947444,"l":68947444,"T":1529160832909,"m":false,"M":true},{"a":61290543,"p":"0.07660500","q":"0.02800000","f":68947445,"l":68947445,"T":1529160833797,"m":true,"M":true},{"a":61290544,"p":"0.07667300","q":"0.02800000","f":68947446,"l":68947446,"T":1529160836068,"m":false,"M":true},{"a":61290545,"p":"0.07667400","q":"0.05900000","f":68947447,"l":68947447,"T":1529160836150,"m":false,"M":true},{"a":61290546,"p":"0.07660700","q":"0.06500000","f":68947448,"l":68947448,"T":1529160836362,"m":true,"M":true},{"a":61290547,"p":"0.07660600","q":"0.52000000","f":68947449,"l":68947449,"T":1529160836362,"m":true,"M":true},{"a":61290548,"p":"0.07667300","q":"0.06500000","f":68947450,"l":68947450,"T":1529160837147,"m":false,"M":true},{"a":61290549,"p":"0.07667500","q":"0.42200000","f":68947451,"l":68947451,"T":1529160837208,"m":false,"M":true},{"a":61290550,"p":"0.07667500","q":"0.11200000","f":68947452,"l":68947452,"T":1529160840530,"m":false,"M":true},{"a":61290551,"p":"0.07660700","q":"0.06500000","f":68947453,"l":68947453,"T":1529160840956,"m":true,"M":true},{"a":61290552,"p":"0.07660200","q":"0.07900000","f":68947454,"l":68947454,"T":1529160840956,"m":true,"M":true},{"a":61290553,"p":"0.07660000","q":"0.08600000","f":68947455,"l":68947455,"T":1529160840956,"m":true,"M":true},{"a":61290554,"p":"0.07659900","q":"1.31900000","f":68947456,"l":68947457,"T":1529160840956,"m":true,"M":true},{"a":61290555,"p":"0.07667400","q":"0.01300000","f":68947458,"l":68947458,"T":1529160841863,"m":false,"M":true},{"a":61290556,"p":"0.07667400","q":"0.00100000","f":68947459,"l":68947459,"T":1529160842054,"m":false,"M":true},{"a":61290557,"p":"0.07667400","q":"0.00100000","f":68947460,"l":68947460,"T":1529160842116,"m":false,"M":true},{"a":61290558,"p":"0.07667400","q":"0.00100000","f":68947461,"l":68947461,"T":1529160842186,"m":false,"M":true},{"a":61290559,"p":"0.07667400","q":"0.04800000","f":68947462,"l":68947462,"T":1529160842416,"m":false,"M":true},{"a":61290560,"p":"0.07667400","q":"0.00100000","f":68947463,"l":68947463,"T":1529160842679,"m":false,"M":true},{"a":61290561,"p":"0.07663900","q":"0.13200000","f":68947464,"l":68947464,"T":1529160843275,"m":false,"M":true},{"a":61290562,"p":"0.07667600","q":"0.13100000","f":68947465,"l":68947465,"T":1529160843306,"m":false,"M":true},{"a":61290563,"p":"0.07668400","q":"0.00200000","f":68947466,"l":68947466,"T":1529160845608,"m":false,"M":true},{"a":61290564,"p":"0.07668300","q":"0.50100000","f":68947467,"l":68947468,"T":1529160848094,"m":false,"M":true},{"a":61290565,"p":"0.07668200","q":"1.63100000","f":68947469,"l":68947469,"T":1529160849308,"m":false,"M":true},{"a":61290566,"p":"0.07667400","q":"0.97600000","f":68947470,"l":68947470,"T":1529160851558,"m":true,"M":true},{"a":61290567,"p":"0.07668500","q":"0.01400000","f":68947471,"l":68947471,"T":1529160853697,"m":false,"M":true},{"a":61290568,"p":"0.07668500","q":"0.01900000","f":68947472,"l":68947472,"T":1529160855022,"m":false,"M":true},{"a":61290569,"p":"0.07661000","q":"0.06500000","f":68947473,"l":68947473,"T":1529160855373,"m":true,"M":true},{"a":61290570,"p":"0.07661000","q":"0.06500000","f":68947474,"l":68947474,"T":1529160855580,"m":false,"M":true},{"a":61290571,"p":"0.07661000","q":"0.01500000","f":68947475,"l":68947475,"T":1529160857364,"m":true,"M":true},{"a":61290572,"p":"0.07668200","q":"0.08000000","f":68947476,"l":68947476,"T":1529160860107,"m":false,"M":true},{"a":61290573,"p":"0.07668400","q":"0.00200000","f":68947477,"l":68947477,"T":1529160860358,"m":false,"M":true},{"a":61290574,"p":"0.07665800","q":"0.02000000","f":68947478,"l":68947478,"T":1529160863678,"m":false,"M":true},{"a":61290575,"p":"0.07664500","q":"0.02200000","f":68947479,"l":68947479,"T":1529160867285,"m":false,"M":true},{"a":61290576,"p":"0.07664500","q":"0.00100000","f":68947480,"l":68947480,"T":1529160867341,"m":false,"M":true},{"a":61290577,"p":"0.07665800","q":"0.01900000","f":68947481,"l":68947481,"T":1529160867341,"m":false,"M":true},{"a":61290578,"p":"0.07661100","q":"0.40600000","f":68947482,"l":68947482,"T":1529160867721,"m":true,"M":true},{"a":61290579,"p":"0.07661000","q":"0.05000000","f":68947483,"l":68947483,"T":1529160867721,"m":true,"M":true},{"a":61290580,"p":"0.07660200","q":"0.56400000","f":68947484,"l":68947484,"T":1529160867721,"m":true,"M":true},{"a":61290581,"p":"0.07660300","q":"0.04100000","f":68947485,"l":68947485,"T":1529160870948,"m":true,"M":true},{"a":61290582,"p":"0.07660300","q":"0.12100000","f":68947486,"l":68947486,"T":1529160871447,"m":true,"M":true},{"a":61290583,"p":"0.07665700","q":"0.05000000","f":68947487,"l":68947487,"T":1529160871529,"m":false,"M":true},{"a":61290584,"p":"0.07665800","q":"0.21500000","f":68947488,"l":68947488,"T":1529160871593,"m":false,"M":true},{"a":61290585,"p":"0.07665800","q":"1.24500000","f":68947489,"l":68947489,"T":1529160872468,"m":false,"M":true},{"a":61290586,"p":"0.07660300","q":"0.06900000","f":68947490,"l":68947490,"T":1529160872931,"m":true,"M":true},{"a":61290587,"p":"0.07660500","q":"0.10000000","f":68947491,"l":68947491,"T":1529160874955,"m":true,"M":true},{"a":61290588,"p":"0.07660500","q":"0.03800000","f":68947492,"l":68947492,"T":1529160877418,"m":true,"M":true},{"a":61290589,"p":"0.07660700","q":"0.63800000","f":68947493,"l":68947493,"T":1529160880294,"m":true,"M":true},{"a":61290590,"p":"0.07660700","q":"0.02700000","f":68947494,"l":68947494,"T":1529160880307,"m":true,"M":true},{"a":61290591,"p":"0.07660700","q":"0.04000000","f":68947495,"l":68947495,"T":1529160881383,"m":true,"M":true},{"a":61290592,"p":"0.07660900","q":"0.61000000","f":68947496,"l":68947496,"T":1529160885223,"m":true,"M":true},{"a":61290593,"p":"0.07660900","q":"0.41100000","f":68947497,"l":68947498,"T":1529160885236,"m":true,"M":true},{"a":61290594,"p":"0.07666700","q":"0.14900000","f":68947499,"l":68947499,"T":1529160885417,"m":false,"M":true},{"a":61290595,"p":"0.07661100","q":"0.05700000","f":68947500,"l":68947500,"T":1529160887097,"m":true,"M":true},{"a":61290596,"p":"0.07668200","q":"0.01100000","f":68947501,"l":68947501,"T":1529160888173,"m":false,"M":true},{"a":61290597,"p":"0.07668200","q":"0.04600000","f":68947502,"l":68947502,"T":1529160888983,"m":false,"M":true},{"a":61290598,"p":"0.07668400","q":"0.03200000","f":68947503,"l":68947503,"T":1529160888983,"m":false,"M":true},{"a":61290599,"p":"0.07661500","q":"0.05800000","f":68947504,"l":68947504,"T":1529160889297,"m":true,"M":true},{"a":61290600,"p":"0.07661700","q":"0.04000000","f":68947505,"l":68947505,"T":1529160892334,"m":true,"M":true},{"a":61290601,"p":"0.07668300","q":"0.04400000","f":68947506,"l":68947506,"T":1529160893827,"m":false,"M":true},{"a":61290602,"p":"0.07662000","q":"0.03800000","f":68947507,"l":68947507,"T":1529160894367,"m":true,"M":true},{"a":61290603,"p":"0.07662000","q":"0.02600000","f":68947508,"l":68947508,"T":1529160895293,"m":true,"M":true},{"a":61290604,"p":"0.07662100","q":"0.74900000","f":68947509,"l":68947509,"T":1529160897652,"m":true,"M":true},{"a":61290605,"p":"0.07662100","q":"19.11500000","f":68947510,"l":68947510,"T":1529160898594,"m":true,"M":true},{"a":61290606,"p":"0.07662100","q":"0.02400000","f":68947511,"l":68947511,"T":1529160898791,"m":false,"M":true},{"a":61290607,"p":"0.07662100","q":"0.20400000","f":68947512,"l":68947512,"T":1529160898874,"m":false,"M":true},{"a":61290608,"p":"0.07662100","q":"0.52000000","f":68947513,"l":68947513,"T":1529160899261,"m":false,"M":true},{"a":61290609,"p":"0.07662100","q":"0.00100000","f":68947514,"l":68947514,"T":1529160899267,"m":false,"M":true},{"a":61290610,"p":"0.07668300","q":"0.01400000","f":68947515,"l":68947515,"T":1529160899267,"m":false,"M":true},{"a":61290611,"p":"0.07668400","q":"0.00700000","f":68947516,"l":68947516,"T":1529160899267,"m":false,"M":true},{"a":61290612,"p":"0.07668300","q":"0.02600000","f":68947517,"l":68947517,"T":1529160900232,"m":false,"M":true},{"a":61290613,"p":"0.07668200","q":"0.02500000","f":68947518,"l":68947518,"T":1529160900432,"m":false,"M":true},{"a":61290614,"p":"0.07662500","q":"0.10900000","f":68947519,"l":68947519,"T":1529160902598,"m":true,"M":true},{"a":61290615,"p":"0.07662500","q":"1.05900000","f":68947520,"l":68947520,"T":1529160902848,"m":true,"M":true},{"a":61290616,"p":"0.07665100","q":"8.79600000","f":68947521,"l":68947521,"T":1529160904922,"m":false,"M":true},{"a":61290617,"p":"0.07667800","q":"3.25800000","f":68947522,"l":68947522,"T":1529160904934,"m":false,"M":true},{"a":61290618,"p":"0.07665100","q":"37.55300000","f":68947523,"l":68947523,"T":1529160912146,"m":false,"M":true},{"a":61290619,"p":"0.07667800","q":"13.31700000","f":68947524,"l":68947524,"T":1529160912156,"m":false,"M":true},{"a":61290620,"p":"0.07662500","q":"0.04600000","f":68947525,"l":68947525,"T":1529160912710,"m":true,"M":true},{"a":61290621,"p":"0.07662000","q":"0.00100000","f":68947526,"l":68947526,"T":1529160912710,"m":true,"M":true},{"a":61290622,"p":"0.07661200","q":"0.00300000","f":68947527,"l":68947527,"T":1529160912710,"m":true,"M":true},{"a":61290623,"p":"0.07661300","q":"0.30400000","f":68947528,"l":68947528,"T":1529160915182,"m":true,"M":true},{"a":61290624,"p":"0.07661300","q":"0.01500000","f":68947529,"l":68947529,"T":1529160915228,"m":true,"M":true},{"a":61290625,"p":"0.07667900","q":"0.07800000","f":68947530,"l":68947530,"T":1529160919151,"m":false,"M":true},{"a":61290626,"p":"0.07668200","q":"0.24200000","f":68947531,"l":68947531,"T":1529160919151,"m":false,"M":true},{"a":61290627,"p":"0.07661300","q":"0.01700000","f":68947532,"l":68947532,"T":1529160921220,"m":true,"M":true},{"a":61290628,"p":"0.07668100","q":"0.01800000","f":68947533,"l":68947533,"T":1529160921842,"m":false,"M":true},{"a":61290629,"p":"0.07668200","q":"0.13000000","f":68947534,"l":68947534,"T":1529160921842,"m":false,"M":true},{"a":61290630,"p":"0.07668400","q":"0.05900000","f":68947535,"l":68947535,"T":1529160921842,"m":false,"M":true},{"a":61290631,"p":"0.07668500","q":"0.79600000","f":68947536,"l":68947536,"T":1529160921842,"m":false,"M":true},{"a":61290632,"p":"0.07661500","q":"0.00100000","f":68947537,"l":68947537,"T":1529160921848,"m":true,"M":true},{"a":61290633,"p":"0.07668500","q":"0.30200000","f":68947538,"l":68947538,"T":1529160921880,"m":false,"M":true},{"a":61290634,"p":"0.07668500","q":"1.01800000","f":68947539,"l":68947539,"T":1529160922041,"m":false,"M":true},{"a":61290635,"p":"0.07661500","q":"0.02100000","f":68947540,"l":68947540,"T":1529160922217,"m":true,"M":true},{"a":61290636,"p":"0.07661500","q":"0.02700000","f":68947541,"l":68947541,"T":1529160922251,"m":true,"M":true},{"a":61290637,"p":"0.07661600","q":"0.02100000","f":68947542,"l":68947542,"T":1529160923049,"m":true,"M":true},{"a":61290638,"p":"0.07665200","q":"0.00100000","f":68947543,"l":68947543,"T":1529160923993,"m":false,"M":true},{"a":61290639,"p":"0.07663400","q":"32.06700000","f":68947544,"l":68947544,"T":1529160924195,"m":false,"M":true},{"a":61290640,"p":"0.07661600","q":"12.21900000","f":68947545,"l":68947545,"T":1529160924206,"m":true,"M":true},{"a":61290641,"p":"0.07661600","q":"0.02000000","f":68947546,"l":68947546,"T":1529160924325,"m":false,"M":true},{"a":61290642,"p":"0.07661600","q":"0.00100000","f":68947547,"l":68947547,"T":1529160924328,"m":false,"M":true},{"a":61290643,"p":"0.07665200","q":"0.01900000","f":68947548,"l":68947548,"T":1529160924328,"m":false,"M":true},{"a":61290644,"p":"0.07661500","q":"0.01600000","f":68947549,"l":68947549,"T":1529160925142,"m":true,"M":true},{"a":61290645,"p":"0.07661200","q":"2.98400000","f":68947550,"l":68947550,"T":1529160925142,"m":true,"M":true},{"a":61290646,"p":"0.07661200","q":"0.20300000","f":68947551,"l":68947551,"T":1529160926044,"m":true,"M":true},{"a":61290647,"p":"0.07665200","q":"0.01600000","f":68947552,"l":68947552,"T":1529160926281,"m":false,"M":true},{"a":61290648,"p":"0.07661300","q":"0.02400000","f":68947553,"l":68947553,"T":1529160932078,"m":true,"M":true},{"a":61290649,"p":"0.07665200","q":"0.00100000","f":68947554,"l":68947554,"T":1529160936752,"m":false,"M":true},{"a":61290650,"p":"0.07667800","q":"0.03000000","f":68947555,"l":68947555,"T":1529160936804,"m":true,"M":true},{"a":61290651,"p":"0.07667800","q":"1.97900000","f":68947556,"l":68947556,"T":1529160936872,"m":true,"M":true},{"a":61290652,"p":"0.07661300","q":"0.06400000","f":68947557,"l":68947557,"T":1529160937063,"m":true,"M":true},{"a":61290653,"p":"0.07668200","q":"0.12800000","f":68947558,"l":68947558,"T":1529160939289,"m":false,"M":true},{"a":61290654,"p":"0.07661300","q":"0.00100000","f":68947559,"l":68947559,"T":1529160942558,"m":true,"M":true},{"a":61290655,"p":"0.07661200","q":"5.51600000","f":68947560,"l":68947560,"T":1529160942558,"m":true,"M":true},{"a":61290656,"p":"0.07661300","q":"0.06500000","f":68947561,"l":68947561,"T":1529160942758,"m":true,"M":true},{"a":61290657,"p":"0.07661200","q":"4.35000000","f":68947562,"l":68947562,"T":1529160942758,"m":true,"M":true},{"a":61290658,"p":"0.07661000","q":"2.41300000","f":68947563,"l":68947563,"T":1529160942758,"m":true,"M":true},{"a":61290659,"p":"0.07660100","q":"0.72700000","f":68947564,"l":68947564,"T":1529160942758,"m":true,"M":true},{"a":61290660,"p":"0.07660200","q":"0.04300000","f":68947565,"l":68947565,"T":1529160942843,"m":true,"M":true},{"a":61290661,"p":"0.07663200","q":"0.03800000","f":68947566,"l":68947566,"T":1529160943215,"m":false,"M":true},{"a":61290662,"p":"0.07663200","q":"0.00100000","f":68947567,"l":68947567,"T":1529160943231,"m":false,"M":true},{"a":61290663,"p":"0.07668200","q":"0.00100000","f":68947568,"l":68947568,"T":1529160943231,"m":false,"M":true},{"a":61290664,"p":"0.07668500","q":"0.03600000","f":68947569,"l":68947569,"T":1529160943231,"m":false,"M":true},{"a":61290665,"p":"0.07668500","q":"0.03700000","f":68947570,"l":68947570,"T":1529160943232,"m":false,"M":true},{"a":61290666,"p":"0.07668400","q":"0.10800000","f":68947571,"l":68947571,"T":1529160944239,"m":false,"M":true},{"a":61290667,"p":"0.07668300","q":"0.15100000","f":68947572,"l":68947572,"T":1529160944974,"m":false,"M":true},{"a":61290668,"p":"0.07660400","q":"0.06500000","f":68947573,"l":68947573,"T":1529160948178,"m":true,"M":true},{"a":61290669,"p":"0.07660300","q":"0.07800000","f":68947574,"l":68947574,"T":1529160948178,"m":true,"M":true},{"a":61290670,"p":"0.07667800","q":"0.06500000","f":68947575,"l":68947575,"T":1529160949086,"m":false,"M":true},{"a":61290671,"p":"0.07660400","q":"0.06400000","f":68947576,"l":68947576,"T":1529160949305,"m":true,"M":true},{"a":61290672,"p":"0.07660600","q":"0.03900000","f":68947577,"l":68947577,"T":1529160950286,"m":true,"M":true},{"a":61290673,"p":"0.07660800","q":"0.30000000","f":68947578,"l":68947578,"T":1529160956086,"m":true,"M":true},{"a":61290674,"p":"0.07665800","q":"0.02400000","f":68947579,"l":68947579,"T":1529160957339,"m":false,"M":true},{"a":61290675,"p":"0.07660800","q":"0.01900000","f":68947580,"l":68947580,"T":1529160957540,"m":true,"M":true},{"a":61290676,"p":"0.07665800","q":"1.21900000","f":68947581,"l":68947581,"T":1529160957839,"m":false,"M":true},{"a":61290677,"p":"0.07665700","q":"0.07700000","f":68947582,"l":68947582,"T":1529160958562,"m":false,"M":true},{"a":61290678,"p":"0.07660800","q":"0.09300000","f":68947583,"l":68947583,"T":1529160960483,"m":true,"M":true},{"a":61290679,"p":"0.07660900","q":"0.78600000","f":68947584,"l":68947584,"T":1529160965669,"m":true,"M":true},{"a":61290680,"p":"0.07665700","q":"0.00100000","f":68947585,"l":68947585,"T":1529160966096,"m":false,"M":true},{"a":61290681,"p":"0.07666400","q":"0.19800000","f":68947586,"l":68947587,"T":1529160966096,"m":false,"M":true},{"a":61290682,"p":"0.07660800","q":"0.06600000","f":68947588,"l":68947588,"T":1529160966825,"m":true,"M":true},{"a":61290683,"p":"0.07667900","q":"0.04200000","f":68947589,"l":68947589,"T":1529160967260,"m":false,"M":true},{"a":61290684,"p":"0.07667900","q":"0.02900000","f":68947590,"l":68947590,"T":1529160968361,"m":false,"M":true},{"a":61290685,"p":"0.07667800","q":"0.08000000","f":68947591,"l":68947591,"T":1529160969199,"m":false,"M":true},{"a":61290686,"p":"0.07667800","q":"0.02700000","f":68947592,"l":68947592,"T":1529160969242,"m":false,"M":true},{"a":61290687,"p":"0.07660900","q":"0.02600000","f":68947593,"l":68947593,"T":1529160971378,"m":true,"M":true},{"a":61290688,"p":"0.07667600","q":"0.02500000","f":68947594,"l":68947594,"T":1529160972327,"m":false,"M":true},{"a":61290689,"p":"0.07667500","q":"0.02500000","f":68947595,"l":68947595,"T":1529160972576,"m":false,"M":true},{"a":61290690,"p":"0.07667500","q":"0.24300000","f":68947596,"l":68947596,"T":1529160974340,"m":false,"M":true},{"a":61290691,"p":"0.07667700","q":"2.47900000","f":68947597,"l":68947597,"T":1529160974340,"m":false,"M":true},{"a":61290692,"p":"0.07668000","q":"3.71900000","f":68947598,"l":68947599,"T":1529160974340,"m":false,"M":true},{"a":61290693,"p":"0.07668500","q":"12.23700000","f":68947600,"l":68947600,"T":1529160974340,"m":false,"M":true},{"a":61290694,"p":"0.07668500","q":"5.12300000","f":68947601,"l":68947601,"T":1529160974511,"m":true,"M":true},{"a":61290695,"p":"0.07668500","q":"0.01500000","f":68947602,"l":68947602,"T":1529160974617,"m":true,"M":true},{"a":61290696,"p":"0.07668500","q":"0.06800000","f":68947603,"l":68947603,"T":1529160974683,"m":true,"M":true},{"a":61290697,"p":"0.07668500","q":"0.01500000","f":68947604,"l":68947604,"T":1529160974753,"m":true,"M":true},{"a":61290698,"p":"0.07668500","q":"0.53000000","f":68947605,"l":68947605,"T":1529160974809,"m":true,"M":true},{"a":61290699,"p":"0.07668500","q":"0.11000000","f":68947606,"l":68947606,"T":1529160974831,"m":true,"M":true},{"a":61290700,"p":"0.07668500","q":"0.02300000","f":68947607,"l":68947607,"T":1529160974831,"m":true,"M":true},{"a":61290701,"p":"0.07660900","q":"0.03900000","f":68947608,"l":68947608,"T":1529160974831,"m":true,"M":true},{"a":61290702,"p":"0.07660800","q":"0.06000000","f":68947609,"l":68947609,"T":1529160974831,"m":true,"M":true},{"a":61290703,"p":"0.07661200","q":"0.49500000","f":68947610,"l":68947610,"T":1529160975763,"m":true,"M":true},{"a":61290704,"p":"0.07661200","q":"0.05800000","f":68947611,"l":68947611,"T":1529160976263,"m":true,"M":true},{"a":61290705,"p":"0.07668200","q":"0.04000000","f":68947612,"l":68947612,"T":1529160981234,"m":false,"M":true},{"a":61290706,"p":"0.07668300","q":"0.24300000","f":68947613,"l":68947613,"T":1529160981234,"m":false,"M":true},{"a":61290707,"p":"0.07669200","q":"0.06400000","f":68947614,"l":68947614,"T":1529160981234,"m":false,"M":true},{"a":61290708,"p":"0.07669000","q":"0.06600000","f":68947615,"l":68947615,"T":1529160989417,"m":false,"M":true},{"a":61290709,"p":"0.07669000","q":"0.08000000","f":68947616,"l":68947616,"T":1529160990301,"m":false,"M":true},{"a":61290710,"p":"0.07665000","q":"0.10200000","f":68947617,"l":68947617,"T":1529160991044,"m":false,"M":true},{"a":61290711,"p":"0.07662500","q":"0.06500000","f":68947618,"l":68947618,"T":1529160991101,"m":true,"M":true},{"a":61290712,"p":"0.07662400","q":"0.18100000","f":68947619,"l":68947619,"T":1529160991101,"m":true,"M":true},{"a":61290713,"p":"0.07661400","q":"0.23400000","f":68947620,"l":68947620,"T":1529160991101,"m":true,"M":true},{"a":61290714,"p":"0.07668700","q":"0.06500000","f":68947621,"l":68947621,"T":1529160999712,"m":false,"M":true},{"a":61290715,"p":"0.07668700","q":"0.02100000","f":68947622,"l":68947622,"T":1529161000058,"m":true,"M":true},{"a":61290716,"p":"0.07668700","q":"0.03500000","f":68947623,"l":68947623,"T":1529161000084,"m":true,"M":true},{"a":61290717,"p":"0.07668700","q":"0.02100000","f":68947624,"l":68947624,"T":1529161000129,"m":true,"M":true},{"a":61290718,"p":"0.07661900","q":"0.01400000","f":68947625,"l":68947625,"T":1529161000129,"m":true,"M":true},{"a":61290719,"p":"0.07661900","q":"0.05100000","f":68947626,"l":68947626,"T":1529161000141,"m":true,"M":true},{"a":61290720,"p":"0.07661600","q":"0.02000000","f":68947627,"l":68947627,"T":1529161000141,"m":true,"M":true},{"a":61290721,"p":"0.07661600","q":"0.07600000","f":68947628,"l":68947628,"T":1529161000141,"m":true,"M":true},{"a":61290722,"p":"0.07669000","q":"0.58900000","f":68947629,"l":68947629,"T":1529161000290,"m":false,"M":true},{"a":61290723,"p":"0.07668900","q":"0.04200000","f":68947630,"l":68947630,"T":1529161001053,"m":false,"M":true},{"a":61290724,"p":"0.07668100","q":"0.02100000","f":68947631,"l":68947631,"T":1529161006263,"m":false,"M":true},{"a":61290725,"p":"0.07668000","q":"0.17300000","f":68947632,"l":68947632,"T":1529161007631,"m":false,"M":true},{"a":61290726,"p":"0.07667900","q":"1.14000000","f":68947633,"l":68947634,"T":1529161010313,"m":false,"M":true},{"a":61290727,"p":"0.07667900","q":"0.00100000","f":68947635,"l":68947635,"T":1529161011302,"m":false,"M":true},{"a":61290728,"p":"0.07662400","q":"2.87900000","f":68947636,"l":68947636,"T":1529161014792,"m":true,"M":true},{"a":61290729,"p":"0.07662300","q":"0.00200000","f":68947637,"l":68947637,"T":1529161015520,"m":true,"M":true},{"a":61290730,"p":"0.07667900","q":"1.25200000","f":68947638,"l":68947639,"T":1529161018289,"m":false,"M":true},{"a":61290731,"p":"0.07667900","q":"0.00200000","f":68947640,"l":68947640,"T":1529161018973,"m":false,"M":true},{"a":61290732,"p":"0.07668000","q":"0.00100000","f":68947641,"l":68947641,"T":1529161018973,"m":false,"M":true},{"a":61290733,"p":"0.07668200","q":"0.04500000","f":68947642,"l":68947642,"T":1529161018973,"m":false,"M":true},{"a":61290734,"p":"0.07668200","q":"0.38400000","f":68947643,"l":68947644,"T":1529161019617,"m":false,"M":true},{"a":61290735,"p":"0.07662300","q":"0.03000000","f":68947645,"l":68947645,"T":1529161023157,"m":true,"M":true},{"a":61290736,"p":"0.07668100","q":"0.03300000","f":68947646,"l":68947646,"T":1529161023320,"m":false,"M":true},{"a":61290737,"p":"0.07662300","q":"0.03200000","f":68947647,"l":68947647,"T":1529161024984,"m":true,"M":true},{"a":61290738,"p":"0.07662400","q":"0.63800000","f":68947648,"l":68947648,"T":1529161027572,"m":true,"M":true},{"a":61290739,"p":"0.07662300","q":"0.00100000","f":68947649,"l":68947649,"T":1529161027572,"m":true,"M":true},{"a":61290740,"p":"0.07662200","q":"0.78600000","f":68947650,"l":68947650,"T":1529161027572,"m":true,"M":true},{"a":61290741,"p":"0.07668100","q":"0.00100000","f":68947651,"l":68947651,"T":1529161028551,"m":false,"M":true},{"a":61290742,"p":"0.07668100","q":"0.13700000","f":68947652,"l":68947652,"T":1529161028776,"m":true,"M":true},{"a":61290743,"p":"0.07668100","q":"0.03200000","f":68947653,"l":68947653,"T":1529161029235,"m":false,"M":true},{"a":61290744,"p":"0.07662300","q":"0.06500000","f":68947654,"l":68947654,"T":1529161032323,"m":true,"M":true},{"a":61290745,"p":"0.07662300","q":"0.02100000","f":68947655,"l":68947655,"T":1529161032515,"m":false,"M":true},{"a":61290746,"p":"0.07662400","q":"0.06500000","f":68947656,"l":68947656,"T":1529161032916,"m":true,"M":true},{"a":61290747,"p":"0.07662300","q":"0.02600000","f":68947657,"l":68947657,"T":1529161032916,"m":true,"M":true},{"a":61290748,"p":"0.07662300","q":"0.07400000","f":68947658,"l":68947658,"T":1529161033060,"m":false,"M":true},{"a":61290749,"p":"0.07662300","q":"0.00100000","f":68947659,"l":68947659,"T":1529161033077,"m":false,"M":true},{"a":61290750,"p":"0.07668100","q":"0.00100000","f":68947660,"l":68947660,"T":1529161033077,"m":false,"M":true},{"a":61290751,"p":"0.07668200","q":"0.00200000","f":68947661,"l":68947661,"T":1529161033077,"m":false,"M":true},{"a":61290752,"p":"0.07669100","q":"0.07000000","f":68947662,"l":68947662,"T":1529161033077,"m":false,"M":true},{"a":61290753,"p":"0.07669100","q":"0.07400000","f":68947663,"l":68947663,"T":1529161033078,"m":false,"M":true},{"a":61290754,"p":"0.07662200","q":"0.03000000","f":68947664,"l":68947664,"T":1529161034721,"m":true,"M":true},{"a":61290755,"p":"0.07662200","q":"0.05400000","f":68947665,"l":68947665,"T":1529161034727,"m":true,"M":true},{"a":61290756,"p":"0.07669000","q":"1.30400000","f":68947666,"l":68947667,"T":1529161037058,"m":false,"M":true},{"a":61290757,"p":"0.07669000","q":"0.39000000","f":68947668,"l":68947668,"T":1529161037129,"m":false,"M":true},{"a":61290758,"p":"0.07662300","q":"0.01700000","f":68947669,"l":68947669,"T":1529161038290,"m":true,"M":true},{"a":61290759,"p":"0.07669000","q":"0.30500000","f":68947670,"l":68947670,"T":1529161040312,"m":false,"M":true},{"a":61290760,"p":"0.07662700","q":"0.06400000","f":68947671,"l":68947671,"T":1529161043452,"m":true,"M":true},{"a":61290761,"p":"0.07662700","q":"0.00100000","f":68947672,"l":68947672,"T":1529161046076,"m":true,"M":true},{"a":61290762,"p":"0.07662600","q":"0.04800000","f":68947673,"l":68947673,"T":1529161046076,"m":true,"M":true},{"a":61290763,"p":"0.07662600","q":"0.07200000","f":68947674,"l":68947674,"T":1529161046122,"m":true,"M":true},{"a":61290764,"p":"0.07662600","q":"0.22100000","f":68947675,"l":68947675,"T":1529161046713,"m":true,"M":true},{"a":61290765,"p":"0.07668900","q":"0.01600000","f":68947676,"l":68947676,"T":1529161049235,"m":false,"M":true},{"a":61290766,"p":"0.07662300","q":"0.06500000","f":68947677,"l":68947677,"T":1529161050692,"m":true,"M":true},{"a":61290767,"p":"0.07662300","q":"0.03400000","f":68947678,"l":68947678,"T":1529161051316,"m":false,"M":true},{"a":61290768,"p":"0.07662300","q":"0.00100000","f":68947679,"l":68947679,"T":1529161051323,"m":false,"M":true},{"a":61290769,"p":"0.07668900","q":"0.00100000","f":68947680,"l":68947680,"T":1529161051323,"m":false,"M":true},{"a":61290770,"p":"0.07669500","q":"0.03000000","f":68947681,"l":68947681,"T":1529161051323,"m":false,"M":true},{"a":61290771,"p":"0.07669600","q":"0.00200000","f":68947682,"l":68947682,"T":1529161051323,"m":false,"M":true},{"a":61290772,"p":"0.07665600","q":"0.01500000","f":68947683,"l":68947683,"T":1529161052607,"m":false,"M":true},{"a":61290773,"p":"0.07665600","q":"0.07600000","f":68947684,"l":68947684,"T":1529161052608,"m":false,"M":true},{"a":61290774,"p":"0.07668100","q":"0.01300000","f":68947685,"l":68947685,"T":1529161052608,"m":false,"M":true},{"a":61290775,"p":"0.07668100","q":"0.05800000","f":68947686,"l":68947686,"T":1529161052641,"m":false,"M":true},{"a":61290776,"p":"0.07669500","q":"0.03200000","f":68947687,"l":68947687,"T":1529161052641,"m":false,"M":true},{"a":61290777,"p":"0.07668200","q":"0.39000000","f":68947688,"l":68947688,"T":1529161056454,"m":false,"M":true},{"a":61290778,"p":"0.07662600","q":"0.01400000","f":68947689,"l":68947689,"T":1529161058669,"m":true,"M":true},{"a":61290779,"p":"0.07662600","q":"0.79700000","f":68947690,"l":68947690,"T":1529161058813,"m":true,"M":true},{"a":61290780,"p":"0.07662600","q":"0.61500000","f":68947691,"l":68947691,"T":1529161058912,"m":true,"M":true},{"a":61290781,"p":"0.07662200","q":"0.54500000","f":68947692,"l":68947692,"T":1529161058912,"m":true,"M":true},{"a":61290782,"p":"0.07662200","q":"0.03700000","f":68947693,"l":68947693,"T":1529161058928,"m":true,"M":true},{"a":61290783,"p":"0.07668100","q":"0.09700000","f":68947694,"l":68947694,"T":1529161060350,"m":false,"M":true},{"a":61290784,"p":"0.07662300","q":"0.06500000","f":68947695,"l":68947695,"T":1529161061438,"m":true,"M":true},{"a":61290785,"p":"0.07662200","q":"0.05300000","f":68947696,"l":68947696,"T":1529161061438,"m":true,"M":true},{"a":61290786,"p":"0.07662000","q":"0.42400000","f":68947697,"l":68947697,"T":1529161061438,"m":true,"M":true},{"a":61290787,"p":"0.07662000","q":"0.71900000","f":68947698,"l":68947698,"T":1529161061502,"m":true,"M":true},{"a":61290788,"p":"0.07662100","q":"0.06500000","f":68947699,"l":68947699,"T":1529161063418,"m":true,"M":true},{"a":61290789,"p":"0.07662000","q":"0.03600000","f":68947700,"l":68947700,"T":1529161063418,"m":true,"M":true},{"a":61290790,"p":"0.07665000","q":"0.03400000","f":68947701,"l":68947701,"T":1529161063802,"m":false,"M":true},{"a":61290791,"p":"0.07665000","q":"0.03100000","f":68947702,"l":68947702,"T":1529161064096,"m":false,"M":true},{"a":61290792,"p":"0.07665000","q":"0.05800000","f":68947703,"l":68947703,"T":1529161064271,"m":false,"M":true},{"a":61290793,"p":"0.07665000","q":"0.02000000","f":68947704,"l":68947704,"T":1529161064453,"m":false,"M":true},{"a":61290794,"p":"0.07662000","q":"0.00100000","f":68947705,"l":68947705,"T":1529161064478,"m":true,"M":true},{"a":61290795,"p":"0.07662000","q":"0.15700000","f":68947706,"l":68947706,"T":1529161065631,"m":true,"M":true},{"a":61290796,"p":"0.07662000","q":"0.02800000","f":68947707,"l":68947707,"T":1529161066655,"m":true,"M":true},{"a":61290797,"p":"0.07662000","q":"0.00100000","f":68947708,"l":68947708,"T":1529161069211,"m":true,"M":true},{"a":61290798,"p":"0.07663500","q":"1.96500000","f":68947709,"l":68947709,"T":1529161075503,"m":false,"M":true},{"a":61290799,"p":"0.07662100","q":"0.83100000","f":68947710,"l":68947710,"T":1529161075515,"m":true,"M":true},{"a":61290800,"p":"0.07665000","q":"2.11300000","f":68947711,"l":68947711,"T":1529161082019,"m":false,"M":true},{"a":61290801,"p":"0.07662000","q":"4.23900000","f":68947712,"l":68947712,"T":1529161082529,"m":true,"M":true},{"a":61290802,"p":"0.07665000","q":"0.02600000","f":68947713,"l":68947713,"T":1529161085103,"m":false,"M":true},{"a":61290803,"p":"0.07665000","q":"0.12400000","f":68947714,"l":68947714,"T":1529161085169,"m":false,"M":true},{"a":61290804,"p":"0.07662000","q":"0.20800000","f":68947715,"l":68947715,"T":1529161085738,"m":true,"M":true},{"a":61290805,"p":"0.07662000","q":"0.00100000","f":68947716,"l":68947716,"T":1529161085766,"m":true,"M":true},{"a":61290806,"p":"0.07665000","q":"0.10900000","f":68947717,"l":68947717,"T":1529161087077,"m":false,"M":true},{"a":61290807,"p":"0.07662000","q":"0.03800000","f":68947718,"l":68947718,"T":1529161087452,"m":true,"M":true},{"a":61290808,"p":"0.07665000","q":"0.60200000","f":68947719,"l":68947719,"T":1529161087620,"m":false,"M":true},{"a":61290809,"p":"0.07665000","q":"0.12100000","f":68947720,"l":68947720,"T":1529161088078,"m":false,"M":true},{"a":61290810,"p":"0.07662000","q":"2.52800000","f":68947721,"l":68947721,"T":1529161088142,"m":true,"M":true},{"a":61290811,"p":"0.07665000","q":"1.30400000","f":68947722,"l":68947722,"T":1529161089125,"m":false,"M":true},{"a":61290812,"p":"0.07665000","q":"1.50000000","f":68947723,"l":68947723,"T":1529161089164,"m":false,"M":true},{"a":61290813,"p":"0.07665000","q":"0.00100000","f":68947724,"l":68947724,"T":1529161090433,"m":false,"M":true},{"a":61290814,"p":"0.07665000","q":"0.31300000","f":68947725,"l":68947725,"T":1529161091054,"m":false,"M":true},{"a":61290815,"p":"0.07663500","q":"1.76100000","f":68947726,"l":68947726,"T":1529161091614,"m":false,"M":true},{"a":61290816,"p":"0.07662100","q":"0.80000000","f":68947727,"l":68947727,"T":1529161091625,"m":true,"M":true},{"a":61290817,"p":"0.07662100","q":"0.89900000","f":68947728,"l":68947728,"T":1529161091636,"m":true,"M":true},{"a":61290818,"p":"0.07662000","q":"0.48800000","f":68947729,"l":68947729,"T":1529161092178,"m":true,"M":true},{"a":61290819,"p":"0.07665000","q":"0.26700000","f":68947730,"l":68947730,"T":1529161094269,"m":false,"M":true},{"a":61290820,"p":"0.07665000","q":"0.47400000","f":68947731,"l":68947731,"T":1529161094670,"m":false,"M":true},{"a":61290821,"p":"0.07665000","q":"0.01800000","f":68947732,"l":68947732,"T":1529161094699,"m":false,"M":true},{"a":61290822,"p":"0.07665000","q":"0.47300000","f":68947733,"l":68947733,"T":1529161094704,"m":false,"M":true},{"a":61290823,"p":"0.07665000","q":"0.13000000","f":68947734,"l":68947734,"T":1529161094707,"m":false,"M":true},{"a":61290824,"p":"0.07665000","q":"0.13000000","f":68947735,"l":68947735,"T":1529161094709,"m":false,"M":true},{"a":61290825,"p":"0.07665000","q":"0.13000000","f":68947736,"l":68947736,"T":1529161094710,"m":false,"M":true},{"a":61290826,"p":"0.07665000","q":"0.47200000","f":68947737,"l":68947737,"T":1529161095130,"m":false,"M":true},{"a":61290827,"p":"0.07662000","q":"1.50000000","f":68947738,"l":68947738,"T":1529161096381,"m":true,"M":true},{"a":61290828,"p":"0.07665000","q":"3.63900000","f":68947739,"l":68947739,"T":1529161096471,"m":false,"M":true},{"a":61290829,"p":"0.07665000","q":"0.22400000","f":68947740,"l":68947740,"T":1529161096513,"m":false,"M":true},{"a":61290830,"p":"0.07665000","q":"0.37700000","f":68947741,"l":68947741,"T":1529161096529,"m":false,"M":true},{"a":61290831,"p":"0.07662000","q":"1.32900000","f":68947742,"l":68947742,"T":1529161098528,"m":true,"M":true},{"a":61290832,"p":"0.07665000","q":"0.03000000","f":68947743,"l":68947743,"T":1529161098663,"m":false,"M":true},{"a":61290833,"p":"0.07662000","q":"0.03000000","f":68947744,"l":68947744,"T":1529161098731,"m":true,"M":true},{"a":61290834,"p":"0.07662000","q":"1.07500000","f":68947745,"l":68947745,"T":1529161099716,"m":true,"M":true},{"a":61290835,"p":"0.07662100","q":"0.72900000","f":68947746,"l":68947746,"T":1529161100812,"m":true,"M":true},{"a":61290836,"p":"0.07662000","q":"20.55500000","f":68947747,"l":68947748,"T":1529161100812,"m":true,"M":true},{"a":61290837,"p":"0.07665000","q":"0.28100000","f":68947749,"l":68947749,"T":1529161100818,"m":false,"M":true},{"a":61290838,"p":"0.07662000","q":"0.18500000","f":68947750,"l":68947750,"T":1529161101590,"m":true,"M":true},{"a":61290839,"p":"0.07663800","q":"0.14000000","f":68947751,"l":68947751,"T":1529161102062,"m":false,"M":true},{"a":61290840,"p":"0.07662000","q":"0.97700000","f":68947752,"l":68947752,"T":1529161103380,"m":true,"M":true},{"a":61290841,"p":"0.07664400","q":"0.00100000","f":68947753,"l":68947753,"T":1529161103686,"m":false,"M":true},{"a":61290842,"p":"0.07664400","q":"0.26100000","f":68947754,"l":68947754,"T":1529161104166,"m":false,"M":true},{"a":61290843,"p":"0.07665000","q":"0.08000000","f":68947755,"l":68947755,"T":1529161104338,"m":false,"M":true},{"a":61290844,"p":"0.07664900","q":"1.48500000","f":68947756,"l":68947756,"T":1529161104574,"m":false,"M":true},{"a":61290845,"p":"0.07664900","q":"0.01800000","f":68947757,"l":68947757,"T":1529161105247,"m":false,"M":true},{"a":61290846,"p":"0.07662000","q":"0.03500000","f":68947758,"l":68947758,"T":1529161106720,"m":true,"M":true},{"a":61290847,"p":"0.07662000","q":"0.06500000","f":68947759,"l":68947759,"T":1529161107323,"m":true,"M":true},{"a":61290848,"p":"0.07662000","q":"0.06500000","f":68947760,"l":68947760,"T":1529161107328,"m":true,"M":true},{"a":61290849,"p":"0.07664900","q":"0.00100000","f":68947761,"l":68947761,"T":1529161108813,"m":false,"M":true},{"a":61290850,"p":"0.07662000","q":"0.39500000","f":68947762,"l":68947762,"T":1529161110382,"m":true,"M":true},{"a":61290851,"p":"0.07662000","q":"2.32800000","f":68947763,"l":68947763,"T":1529161110862,"m":true,"M":true},{"a":61290852,"p":"0.07662000","q":"0.00100000","f":68947764,"l":68947764,"T":1529161111916,"m":false,"M":true},{"a":61290853,"p":"0.07662000","q":"0.09200000","f":68947765,"l":68947765,"T":1529161112009,"m":false,"M":true},{"a":61290854,"p":"0.07662000","q":"0.11700000","f":68947766,"l":68947766,"T":1529161112063,"m":false,"M":true},{"a":61290855,"p":"0.07662000","q":"0.18400000","f":68947767,"l":68947767,"T":1529161112208,"m":false,"M":true},{"a":61290856,"p":"0.07661500","q":"0.01400000","f":68947768,"l":68947768,"T":1529161117697,"m":true,"M":true},{"a":61290857,"p":"0.07661400","q":"0.58000000","f":68947769,"l":68947769,"T":1529161117850,"m":true,"M":true},{"a":61290858,"p":"0.07661400","q":"0.94800000","f":68947770,"l":68947770,"T":1529161118304,"m":true,"M":true},{"a":61290859,"p":"0.07660000","q":"0.18600000","f":68947771,"l":68947771,"T":1529161120108,"m":true,"M":true},{"a":61290860,"p":"0.07660000","q":"0.12700000","f":68947772,"l":68947772,"T":1529161123275,"m":true,"M":true},{"a":61290861,"p":"0.07660000","q":"2.04300000","f":68947773,"l":68947774,"T":1529161129378,"m":true,"M":true},{"a":61290862,"p":"0.07660000","q":"1.54400000","f":68947775,"l":68947775,"T":1529161134612,"m":true,"M":true},{"a":61290863,"p":"0.07660000","q":"2.04300000","f":68947776,"l":68947776,"T":1529161136926,"m":true,"M":true},{"a":61290864,"p":"0.07660000","q":"0.15000000","f":68947777,"l":68947778,"T":1529161140269,"m":true,"M":true},{"a":61290865,"p":"0.07662000","q":"0.00100000","f":68947779,"l":68947779,"T":1529161142884,"m":false,"M":true},{"a":61290866,"p":"0.07663000","q":"0.01300000","f":68947780,"l":68947780,"T":1529161142884,"m":false,"M":true},{"a":61290867,"p":"0.07663000","q":"0.03100000","f":68947781,"l":68947781,"T":1529161143168,"m":false,"M":true},{"a":61290868,"p":"0.07662900","q":"0.07600000","f":68947782,"l":68947782,"T":1529161143982,"m":false,"M":true},{"a":61290869,"p":"0.07662800","q":"0.02100000","f":68947783,"l":68947783,"T":1529161145783,"m":false,"M":true},{"a":61290870,"p":"0.07662800","q":"0.03900000","f":68947784,"l":68947784,"T":1529161145845,"m":false,"M":true}]